\bibliographystyle{unsrt}

@InProceedings{10.1007/978-3-319-10602-1_10,
author="Oron, Shaul
and Bar-Hille, Aharon
and Avidan, Shai",
editor="Fleet, David
and Pajdla, Tomas
and Schiele, Bernt
and Tuytelaars, Tinne",
title="Extended Lucas-Kanade Tracking",
booktitle="Computer Vision -- ECCV 2014",
year="2014",
publisher="Springer International Publishing",
address="Cham",
pages="142--156",
abstract="The Lucas-Kanade (LK) method is a classic tracking algorithm exploiting target structural constraints thorough template matching. Extended Lucas Kanade or ELK casts the original LK algorithm as a maximum likelihood optimization and then extends it by considering pixel object / background likelihoods in the optimization. Template matching and pixel-based object / background segregation are tied together by a unified Bayesian framework. In this framework two log-likelihood terms related to pixel object / background affiliation are introduced in addition to the standard LK template matching term. Tracking is performed using an EM algorithm, in which the E-step corresponds to pixel object/background inference, and the M-step to parameter optimization. The final algorithm, implemented using a classifier for object / background modeling and equipped with simple template update and occlusion handling logic, is evaluated on two challenging data-sets containing 50 sequences each. The first is a recently published benchmark where ELK ranks 3rd among 30 tracking methods evaluated. On the second data-set of vehicles undergoing severe view point changes ELK ranks in 1st place outperforming state-of-the-art methods.",
isbn="978-3-319-10602-1"
}


@misc{wiki:LucasKanadeMethod,
  title={Lucas-Kanade method},
  author={Wikipedia},
  url={https://en.wikipedia.org/wiki/Lucas%E2%80%93Kanade_method},
  note={The Free Encyclopedia}}
}

@misc{wiki:Chirp,
title={Chirp},
author={Wikipedia},
url={https://en.wikipedia.org/wiki/Chirp},
note={The Free Encyclopedia},
year={2023},
month={March},
}

@misc{opencv_optical_flow,
  author = {{OpenCV}},
  title = {Optical Flow},
  url = {https://docs.opencv.org/3.4/d4/dee/tutorial_optical_flow.html}
}


@Article{s120912694,
AUTHOR = {Sharmin, Nusrat and Brad, Remus},
TITLE = {Optimal Filter Estimation for Lucas-Kanade Optical Flow},
JOURNAL = {Sensors},
VOLUME = {12},
YEAR = {2012},
NUMBER = {9},
PAGES = {12694--12709},
URL = {https://www.mdpi.com/1424-8220/12/9/12694},
PubMedID = {23112738},
ISSN = {1424-8220},
DOI = {10.3390/s120912694}
}



@techreport{cook2020machine,
  title={Machine Learning For Planetary Mining Applications},
  author={Cook, Joshua and Samareh, Jamshid},
  year={2020}
}


@inproceedings{azevedo2012applying,
  title={Applying data mining for detecting anomalies in satellites},
  author={Azevedo, Denise Rotondi and Ambr{\'o}sio, Ana Maria and Vieira, Marco},
  booktitle={2012 Ninth European Dependable Computing Conference},
  pages={212--217},
  year={2012},
  organization={IEEE}
}


@article{badea2018big,
  title={Big data in the aerospace industry},
  author={Badea, Victor Emmanuell and Zamfiroiu, Alin and Boncea, Radu},
  journal={Informatica Economica},
  volume={22},
  number={1},
  pages={17--24},
  year={2018},
  publisher={INFOREC Association}
}

@inproceedings{amer2021deep,
  title={Deep convolutional neural network based autonomous drone navigation},
  author={Amer, Karim and Samy, Mohamed and Shaker, Mahmoud and ElHelw, Mohamed},
  booktitle={Thirteenth International Conference on Machine Vision},
  volume={11605},
  pages={16--24},
  year={2021},
  organization={SPIE}
}

@inproceedings{kinaneva2019early,
  title={Early forest fire detection using drones and artificial intelligence},
  author={Kinaneva, Diyana and Hristov, Georgi and Raychev, Jordan and Zahariev, Plamen},
  booktitle={2019 42nd International Convention on Information and Communication Technology, Electronics and Microelectronics (MIPRO)},
  pages={1060--1065},
  year={2019},
  organization={IEEE}
}



@article{belcastro2016using,
  title={Using scalable data mining for predicting flight delays},
  author={Belcastro, Loris and Marozzo, Fabrizio and Talia, Domenico and Trunfio, Paolo},
  journal={ACM Transactions on Intelligent Systems and Technology (TIST)},
  volume={8},
  number={1},
  pages={1--20},
  year={2016},
  publisher={ACM New York, NY, USA}
}



@incollection{kennicutt2017water,
  title={Water quality of the Gulf of Mexico},
  author={Kennicutt, Mahlon C},
  booktitle={Habitats and Biota of the Gulf of Mexico: Before the Deepwater Horizon Oil Spill},
  pages={55--164},
  year={2017},
  publisher={Springer}
}

%%%%%%%%%%%%%%%%%%%%%%%%%%%%%%%%%%%%%%%%%%%%%%%%%%%%%%%%%%%
%%%%%%%%%%%%%%%%%%%%%%%%%%%%%%%%%%%%%%%%%%%%%%%%%%%%%%%%



@misc{NasaHuble,
  title = {A Look at the Numbers as NASA's Hubble Space Telescope Enters its 25th Year},
  author={Rob Gutro},
  year = {2014},
  howpublished = {\url{https://www.nasa.gov/content/goddard/a-look-at-the-numbers-as-nasas-hubble-space-telescope-enters-its-25th-year}},
  organization={NASA}
}


@misc{Mapping,
  title = {DEMs and Mining Applications - Case Study with NPA Satellite Mapping},
  author={CATALYST. Earth},
  howpublished = {\url{https://www.youtube.com/watch?v=AmauP6eJR_Y}},
}


@misc{SatImage,
  title = {When deep learning meets satellite imagery},
  author={Preligens},
  howpublished = {\url{https://www.youtube.com/watch?v=CQlLa_UWncg}},
}




@misc{business,
  title = {Tech Talk: Big Data in Aerospace Industry - Boeing/CMU Aerospace Data Analytics Lab},
  author={Pittsburgh Technology Council},
  howpublished = {\url{https://www.youtube.com/watch?v=IEnpPFCiz3E}},
}



@misc{ESA,
  title = {Hubble catalog of variables explorer},
  author={ESA},
  howpublished = {\url{http://hst.esac.esa.int/hcv-explorer/}},
}



@manual{scipy_chirp,
title={scipy.signal.chirp},
author={SciPy Developers},
organization={SciPy},
year={2021},
url={https://docs.scipy.org/doc/scipy/reference/generated/scipy.signal.chirp.html},
note={Versión 1.7.1}
}


@book{book,
author = {Brunton, Steven and Kutz, J.},
year = {2019},
month = {01},
pages = {},
title = {Data-Driven Science and Engineering},
isbn = {9781108422093},
doi = {10.1017/9781108380690}
}
%Data-Driven Science and Engineering: Machine Learning, Dynamical Systems, and Control

@book{subirana2013gnss,
  title={GNSS Data Processing},
  author={Subirana, J.S. and Zornoza, J.M.J. and Hern{\'a}ndez-Pajares, M. and European Space Agency and Fletcher, K.},
  number={v. 1},
  isbn={9789292218867},
  series={ESA TM},
  url={https://books.google.es/books?id=RO8xngEACAAJ},
  year={2013},
  publisher={ESA Communications}
}


@online{GNSSmeasurement,
  author = "European Space Agency",
  title = "GNSS Measurements Modelling",
  year = "2023",
  url = "https://gssc.esa.int/navipedia//index.php/GNSS_Measurements_Modelling",
  urldate = "March 22, 2023"
}

@misc{NASA_RadioWaves,
    title = {{What Are Radio Waves?}},
    author = {{NASA}},
    year = {accessed 2023},
    howpublished = {\url{https://www.nasa.gov/directorates/heo/scan/communications/outreach/funfacts/what_are_radio_waves}},
}


@book{HernandezEtAl_GPSDataProcessing,
    title = {{Procesado de Datos GPS: código y fase. Algoritmos, técnicas y recetas}},
    author = {Hernandez, M. and Juan, J. and Sanz, J.},
    year = {2005},
    publisher = {{gAGE/UPC}},
    address = {{Barcelona, Spain}},
    isbn = {84-932230-4-2},
}
